<?xml version="1.0" encoding="UTF-8"?><collection xmlns="http://www.loc.gov/MARC21/slim"><record><leader>00356nam--2200133-i-4500</leader><controlfield tag="001">000050128</controlfield><controlfield tag="002">20161230</controlfield><controlfield tag="005">20161230201048</controlfield><controlfield tag="008">060222s1000------------r-----000-0-eng-d</controlfield><datafield ind1=" " ind2=" " tag="080"><subfield code="a">681.3</subfield></datafield><datafield ind1=" " ind2=" " tag="100"><subfield code="a">Baranov, G.L. Makarov, A.V</subfield></datafield><datafield ind1=" " ind2=" " tag="245"><subfield code="a">Strukturnoe modelirovanie slozhnyh dinamicheskih sistem</subfield></datafield><datafield ind1=" " ind2=" " tag="260"><subfield code="a">Kiev, Naukova Dumka, 1986, 271s</subfield></datafield><datafield ind1=" " ind2=" " tag="852"><subfield code="a">74425</subfield></datafield></record></collection>